<record><leader>00000cas a22000007a 4500</leader><controlfield tag="001">10340856</controlfield><controlfield tag="008">840126d18uu1916njuwr ne      0    0eng d</controlfield><datafield ind1=" " ind2=" " tag="010"><subfield code="a">sn 84026209 </subfield></datafield><datafield ind1=" " ind2=" " tag="040"><subfield code="a">NPU</subfield><subfield code="b">eng</subfield><subfield code="c">NPU</subfield><subfield code="d">NPA</subfield><subfield code="d">KRTAS</subfield><subfield code="d">OCLCQ</subfield></datafield><datafield ind1=" " ind2=" " tag="042"><subfield code="a">msc</subfield></datafield><datafield ind1="0" ind2=" " tag="130"><subfield code="a">Beacon (Point Pleasant, N.J.)</subfield></datafield><datafield ind1="1" ind2="4" tag="245"><subfield code="a">The beacon.</subfield></datafield><datafield ind1=" " ind2=" " tag="260"><subfield code="a">Point Pleasant, N.J. :</subfield><subfield code="b">[s.n.]</subfield></datafield><datafield ind1=" " ind2=" " tag="300"><subfield code="a">v. :</subfield><subfield code="b">ill. ;</subfield><subfield code="c">57 cm.</subfield></datafield><datafield ind1=" " ind2=" " tag="310"><subfield code="a">Weekly</subfield></datafield><datafield ind1="1" ind2=" " tag="362"><subfield code="a">Ceased in 1916.</subfield><subfield code="z">Cf. Wright, W.C. and Stellhorn, P.A. Direct. of N.J. newspapers.</subfield></datafield><datafield ind1=" " ind2=" " tag="500"><subfield code="a">"The shore newspaper of Ocean County."</subfield></datafield><datafield ind1=" " ind2=" " tag="580"><subfield code="a">Continues: Point Pleasant beacon, and continued by: Ocean County leader and the beacon. Cf. Wright, W.C. and Stellhorn, P.A. Direct. of N.J. newspapers.</subfield></datafield><datafield ind1=" " ind2=" " tag="588"><subfield code="a">Description based on: Vol. 25, no. 35 (Feb. 5, 1909).</subfield></datafield><datafield ind1=" " ind2=" " tag="752"><subfield code="a">United States</subfield><subfield code="b">New Jersey</subfield><subfield code="c">Ocean</subfield><subfield code="d">Point Pleasant.</subfield></datafield><datafield ind1="1" ind2="0" tag="780"><subfield code="t">Point Pleasant beacon</subfield></datafield><datafield ind1="1" ind2="0" tag="785"><subfield code="t">Ocean County leader and the beacon</subfield></datafield><datafield ind1=" " ind2=" " tag="938"><subfield code="a">Kirtas Technologies, Inc.</subfield><subfield code="b">KRTS</subfield><subfield code="n">738087</subfield></datafield><datafield ind1="1" ind2=" " tag="029"><subfield code="a">AU@</subfield><subfield code="b">000025840900</subfield></datafield></record>